<?xml version="1.0" encoding="UTF-8"?><collection xmlns="http://www.loc.gov/MARC21/slim"><record><leader>00404nam--2200145-i-4500</leader><controlfield tag="001">000034585</controlfield><controlfield tag="002">20161230</controlfield><controlfield tag="005">20161230201040</controlfield><controlfield tag="008">060222s1000------------r-----000-0-eng-d</controlfield><datafield ind1=" " ind2=" " tag="080"><subfield code="a">517.58(076.1)</subfield></datafield><datafield ind1=" " ind2=" " tag="100"><subfield code="a">Nicolescu, C., Rudner, V</subfield></datafield><datafield ind1=" " ind2=" " tag="245"><subfield code="a">Probleme de matematici speciale</subfield></datafield><datafield ind1=" " ind2=" " tag="260"><subfield code="a">Bucuresti, Editura Didactica Si Pedagogica, 1982. 489p</subfield></datafield><datafield ind1=" " ind2=" " tag="852"><subfield code="a">70398</subfield><subfield code="c">517</subfield></datafield><datafield ind1=" " ind2=" " tag="CAT"><subfield code="a">Sys</subfield><subfield code="c">20080707</subfield><subfield code="h">125144</subfield></datafield></record></collection>